%% This BibTeX bibliography file was created using BibDesk.
%% https://bibdesk.sourceforge.io/

%% Created for Thibaut at 2021-04-25 15:01:29 +0200 


%% Saved with string encoding Unicode (UTF-8) 



@webpage{payonline,
	abstract = {Par d{\'e}faut : pas de conservation au-del{\`a} de la transaction Depuis l'entr{\'e}e en application du r{\`e}glement europ{\'e}en sur la protection des donn{\'e}es ({RGPD}), les commer{\c c}ants doivent envisager leur syst{\`e}me de paiement en tenant compte des principes de protection des donn{\'e}es par d{\'e}faut et d{\`e}s la conception. En mati{\`e}re de paiement pour la vente de biens ou la fourniture de services {\`a} distance, les donn{\'e}es strictement n{\'e}cessaires {\`a} la r{\'e}alisation d'un paiement sont par d{\'e}faut :},
	date-added = {2021-04-25 14:52:22 +0200},
	date-modified = {2021-04-25 14:52:22 +0200},
	file = {Snapshot:files/57/le-paiement-distance-par-carte-bancaire.html:text/html},
	langid = {french},
	title = {Le paiement {\`a} distance par carte bancaire | CNIL},
	url = {https://www.cnil.fr/fr/le-paiement-distance-par-carte-bancaire},
	urldate = {2021-03-08},
	year = {2019},
	Bdsk-Url-1 = {https://www.cnil.fr/fr/le-paiement-distance-par-carte-bancaire}}

@webpage{rgpd,
	date-added = {2021-04-25 14:50:56 +0200},
	date-modified = {2021-04-25 14:50:56 +0200},
	file = {Le r{\`e}glement g{\'e}n{\'e}ral sur la protection des donn{\'e}es - RGPD | CNIL},
	keywords = {rgpd},
	title = {Le r{\`e}glement g{\'e}n{\'e}ral sur la protection des donn{\'e}es - RGPD},
	url = {https://www.cnil.fr/fr/reglement-europeen-protection-donnees/},
	urldate = {2021-04-18},
	year = {2018},
	Bdsk-Url-1 = {https://www.cnil.fr/fr/reglement-europeen-protection-donnees/chapitre1#Article1}}

@book{code_consommation,
	date-added = {2021-04-25 14:44:51 +0200},
	date-modified = {2021-04-25 14:46:16 +0200},
	edition = {25},
	editor = {Dalloz},
	publisher = {Codes Dalloz},
	title = {Code de la consommation},
	year = {2021}}

@book{code_commerce_1,
	author = {Nicolas Rontchevsky and Eric Chevrier and Pascal Pisoni},
	date-added = {2021-04-25 14:39:54 +0200},
	date-modified = {2021-04-25 14:41:37 +0200},
	edition = {116},
	file = {Section 1 \: Les conditions g{\'e}n{\'e}rales de vente (Articles L441-1 {\`a} L441-2) - L{\'e}gifrance:files/89/LEGISCTA000038411043.html:text/html},
	keywords = {Code de commerce},
	publisher = {Dalloz},
	title = {Code du Commerce},
	url = {https://www.legifrance.gouv.fr/codes/id/LEGISCTA000038411043/},
	urldate = {2021-04-18},
	year = {2021},
	Bdsk-Url-1 = {https://www.legifrance.gouv.fr/codes/id/LEGISCTA000038411043/}}

@webpage{maboutiqueenville,
	abstract = {Retrouvez nos plateformes Marketplace \& Click \& collect Local, Annuaire, Ecommerce mutualis{\'e} aux couleurs des villes pour soutenir les petits commerces.},
	date = {2019-06-06},
	date-added = {2021-04-25 14:32:09 +0200},
	date-modified = {2021-04-25 14:32:09 +0200},
	file = {Snapshot:files/85/ma-boutique-en-ville.fr.html:text/html},
	langid = {french},
	shorttitle = {Ma Boutique En Ville},
	title = {Ma Boutique En Ville : Marketplace \& Click \& Collect des petits commerces},
	titleaddon = {Ma Boutique En Ville},
	url = {https://ma-boutique-en-ville.fr/},
	urldate = {2021-03-09},
	Bdsk-Url-1 = {https://ma-boutique-en-ville.fr/}}

@webpage{shopify,
	date-added = {2021-04-25 14:31:26 +0200},
	date-modified = {2021-04-25 14:31:26 +0200},
	file = {Ecommerce | Cr{\'e}er une Boutique en Ligne Facilement | Shopify},
	title = {Cr{\'e}er une Boutique en Ligne Facilement},
	url = {https://www.shopify.fr/},
	urldate = {2021-03-09},
	Bdsk-Url-1 = {https://www.shopify.fr/}}

@webpage{mavillemonshopping,
	abstract = {Le commerce local et participatif : Ma Ville Mon Shopping},
	author = {ESYCOM},
	date-added = {2021-04-25 14:29:41 +0200},
	date-modified = {2021-04-25 15:01:29 +0200},
	file = {Snapshot:files/83/fr.html:text/html},
	langid = {french},
	title = {Ma Ville Mon Shopping {\textbar} Le commerce local et participatif},
	url = {https://www.mavillemonshopping.fr/fr},
	urldate = {2021-03-09},
	Bdsk-Url-1 = {https://www.mavillemonshopping.fr/fr}}

@webpage{petitscommerces,
	abstract = {Petitscommerces.fr rassemble tous les commerces de proximit{\'e} ind{\'e}pendants, raconte l'histoire des commer{\c c}ants et donne leur actualit{\'e} sur les r{\'e}seaux sociaux},
	date-added = {2021-04-25 14:27:45 +0200},
	date-modified = {2021-04-25 14:27:45 +0200},
	file = {Snapshot:files/82/www.petitscommerces.fr.html:text/html},
	langid = {french},
	title = {(Re)d{\'e}couvrez les commerces de proximit{\'e} et devenez consomacteur !},
	titleaddon = {Petitscommerces.fr},
	url = {https://www.petitscommerces.fr/},
	urldate = {2021-03-09},
	Bdsk-Url-1 = {https://www.petitscommerces.fr/}}

@online{def_marketplace,
	abstract = {Une marketplace ou place de march{\'e} {\'e}tait {\`a} l'origine sur Internet un site qui rassemblait un ou plusieurs acheteurs et fournisseurs pour optimiser les...},
	author = {Bertrand Bathelot},
	date-added = {2021-04-25 14:25:17 +0200},
	date-modified = {2021-04-25 14:25:17 +0200},
	file = {Snapshot:files/87/marketplace.html:text/html},
	keywords = {D{\'e}finition Marketplace},
	title = {Marketplace},
	url = {https://www.definitions-marketing.com/definition/marketplace/},
	urldate = {2021-04-14},
	Bdsk-Url-1 = {https://www.definitions-marketing.com/definition/marketplace/}}

@article{pereira_ranking_2021,
	abstract = {This paper compares a large set of programming languages regarding their efficiency, including from an energetic point-of-view. Indeed, we seek to establish and analyze different rankings for programming languages based on their energy efficiency. The goal of being able to rank programming languages based on their energy efficiency is both recent, and certainly deserves further studies. We have taken rigorous and strict solutions to 10 well defined programming problems, expressed in (up to) 27 programming languages, from the well known Computer Language Benchmark Game repository. This repository aims to compare programming languages based on a strict set of implementation rules and configurations for each benchmarking problem. We have also built a framework to automatically, and systematically, run, measure and compare the energy, time, and memory efficiency of such solutions. Ultimately, it is based on such comparisons that we propose a series of efficiency rankings, based on single and multiple criteria. Our results show interesting findings, such as how slower/faster languages can consume less/more energy, and how memory usage influences energy consumption. We also present a simple way to use our results to provide software engineers and practitioners support in deciding which language to use when energy efficiency is a concern. In addition, we further validate our results and rankings against implementations from a chrestomathy program repository, Rosetta Code., by reproducing our methodology and benchmarking system. This allows us to understand how the results and conclusions from our rigorously and well defined benchmarked programs compare to those based on more representative and real-world implementations. Indeed our results show that the rankings do not change apart from one programming language.},
	author = {Pereira, Rui and Couto, Marco and Ribeiro, Francisco and Rua, Rui and Cunha, J{\'a}come and Fernandes, Jo{\~a}o Paulo and Saraiva, Jo{\~a}o},
	date = {2021-05-01},
	date-modified = {2021-04-25 14:22:44 +0200},
	doi = {10.1016/j.scico.2021.102609},
	issn = {0167-6423},
	journal = {Science of Computer Programming},
	journaltitle = {Science of Computer Programming},
	keywords = {Energy efficiency, Green software, Language benchmarking, Programming languages},
	langid = {english},
	pages = {102609},
	shortjournal = {Science of Computer Programming},
	title = {Ranking programming languages by energy efficiency},
	url = {https://www.sciencedirect.com/science/article/pii/S0167642321000022},
	urldate = {2021-03-09},
	volume = {205},
	year = {2021},
	Bdsk-Url-1 = {https://www.sciencedirect.com/science/article/pii/S0167642321000022},
	Bdsk-Url-2 = {https://doi.org/10.1016/j.scico.2021.102609}}
